@article{stolletz2010operational,
  title     = {Operational workforce planning for check-in counters at airports},
  author    = {Stolletz, Raik},
  journal   = {Transportation Research Part E: Logistics and Transportation Review},
  volume    = {46},
  number    = {3},
  pages     = {414--425},
  year      = {2010},
  publisher = {Elsevier}
}

@article{ozder2019staff,
  title     = {Staff task-based shift scheduling solution with an ANP and goal programming method in a natural gas combined cycle power plant},
  author    = {{\"O}zder, Emir H{\"u}seyin and {\"O}zcan, Evrencan and Eren, Tamer},
  journal   = {Mathematics},
  volume    = {7},
  number    = {2},
  pages     = {192},
  year      = {2019},
  publisher = {Mdpi}
}

@article{mirrazavi2007web,
  title     = {A web-based workforce management system for Sainsburys Supermarkets Ltd},
  author    = {Mirrazavi, S Keyvan and Beringer, Henri},
  journal   = {Annals of Operations Research},
  volume    = {155},
  number    = {1},
  pages     = {437--457},
  year      = {2007},
  publisher = {Springer}
}

@inproceedings{ceballos2021airline,
  title        = {Airline Workforce Scheduling Based on Multi-agent Systems},
  author       = {Ceballos Aguilar, Nicolas and Chafloque Mesia, Juan Camilo and Mej{\'\i}a Vera, Julio Andr{\'e}s and Nait Abdallah, Mohamed Rabie and Zambrano Rey, Gabriel Mauricio},
  booktitle    = {Service Oriented, Holonic and Multi-Agent Manufacturing Systems for Industry of the Future: Proceedings of SOHOMA LATIN AMERICA 2021},
  pages        = {95--107},
  year         = {2021},
  organization = {Springer}
}