@misc{Sobre_o_MPF,
  author = {MPF},
  title  = {Sobre o MPF},
  year   = {2023},
  url    = {http://www.mpf.mp.br/o-mpf/sobre-o-mpf},
  note   = {Acesso em: 1 de Fevereiro de 2023}
}

@inproceedings{paula2016deep,
  title        = {Deep learning anomaly detection as support fraud investigation in brazilian exports and anti-money laundering},
  author       = {Paula, Ebberth L and Ladeira, Marcelo and Carvalho, Rommel N and Marzagao, Thiago},
  booktitle    = {2016 15th ieee international conference on machine learning and applications (icmla)},
  pages        = {954--960},
  year         = {2016},
  organization = {IEEE}
}